@article{seurat-v4,
    doi = {10.1016/j.cell.2021.04.048},
    url = {https://doi.org/10.1016/j.cell.2021.04.048},
    year = {2021},
    month = jun,
    publisher = {Elsevier {BV}},
    volume = {184},
    number = {13},
    pages = {3573--3587.e29},
    author = {Yuhan Hao and Stephanie Hao and Erica Andersen-Nissen and William M. Mauck and Shiwei Zheng and Andrew Butler and Maddie J. Lee and Aaron J. Wilk and Charlotte Darby and Michael Zager and Paul Hoffman and Marlon Stoeckius and Efthymia Papalexi and Eleni P. Mimitou and Jaison Jain and Avi Srivastava and Tim Stuart and Lamar M. Fleming and Bertrand Yeung and Angela J. Rogers and Juliana M. McElrath and Catherine A. Blish and Raphael Gottardo and Peter Smibert and Rahul Satija},
    title = {Integrated analysis of multimodal single-cell data},
    journal = {Cell}
}

@misc{seurat-web,
    title={Seurat main page},
    url={https://satijalab.org/seurat/index.html},
    journal={Satija Lab}
}

@misc{gseacc-github,
    title={gseacc GitHub page},
    url={https://github.com/rocsalvador/gseacc},
    year=2023
}

@misc{thesis-github,
    title={Thesis GitHub page},
    url={https://github.com/rocsalvador/Efficient-rank-based-statistic-for-partially-overlapping-genesets},
    year=2023
}


@misc{gse121212-go-es,
    title={Enrichment score results for the GSE121212 experiment and the whole Gene Ontology},
    url={https://archive.org/download/gse-121212-go-es},
    year=2023
}

@misc{gse121212,
    title={GSE121212 experiment webpage},
    url={https://www.ncbi.nlm.nih.gov/geo/query/acc.cgi?acc=GSE121212},
    year=2023
}

@misc{go:2000330,
    title={GO:2000330 term webpage},
    url={https://www.ebi.ac.uk/QuickGO/term/GO:2000330},
    year=2023
}

@misc{go:0035373,
    title={GO:0035373 term webpage},
    url={https://www.ebi.ac.uk/QuickGO/term/GO:0035373},
    year=2023
}

@article{triumphs-and-limitations-scrna,
    doi = {10.1038/s41592-021-01171-x},
    url = {https://doi.org/10.1038/s41592-021-01171-x},
    year = {2021},
    month = jun,
    publisher = {Springer Science and Business Media {LLC}},
    volume = {18},
    number = {7},
    pages = {723--732},
    author = {Peter V. Kharchenko},
    title = {The triumphs and limitations of computational methods for {scRNA}-seq},
    journal = {Nature Methods}
}

@article{anndata,
    doi = {10.1101/2021.12.16.473007},
    url = {https://doi.org/10.1101/2021.12.16.473007},
    year = {2021},
    month = dec,
    publisher = {Cold Spring Harbor Laboratory},
    author = {Isaac Virshup and Sergei Rybakov and Fabian J. Theis and Philipp Angerer and F. Alexander Wolf},
    title = {anndata: Annotated data}
}

@article{gsea,
    doi = {10.1073/pnas.0506580102},
    url = {https://doi.org/10.1073/pnas.0506580102},
    year = {2005},
    month = sep,
    publisher = {Proceedings of the National Academy of Sciences},
    volume = {102},
    number = {43},
    pages = {15545--15550},
    author = {Aravind Subramanian and Pablo Tamayo and Vamsi K. Mootha and Sayan Mukherjee and Benjamin L. Ebert and Michael A. Gillette and Amanda Paulovich and Scott L. Pomeroy and Todd R. Golub and Eric S. Lander and Jill P. Mesirov},
    title = {Gene set enrichment analysis: A knowledge-based approach for interpreting genome-wide expression profiles},
    journal = {Proceedings of the National Academy of Sciences}
}

@article{diabetes,
    doi = {10.1038/ng1180},
    url = {https://doi.org/10.1038/ng1180},
    year = {2003},
    month = jun,
    publisher = {Springer Science and Business Media {LLC}},
    volume = {34},
    number = {3},
    pages = {267--273},
    author = {Vamsi K Mootha and Cecilia M Lindgren and Karl-Fredrik Eriksson and Aravind Subramanian and Smita Sihag and Joseph Lehar and Pere Puigserver and Emma Carlsson and Martin Ridderstr{\aa}le and Esa Laurila and Nicholas Houstis and Mark J Daly and Nick Patterson and Jill P Mesirov and Todd R Golub and Pablo Tamayo and Bruce Spiegelman and Eric S Lander and Joel N Hirschhorn and David Altshuler and Leif C Groop},
    title = {PGC-responsive genes involved in oxidative phosphorylation are coordinately downregulated in human diabetes},
    journal = {Nature Genetics}
}

@article{healthy,
    doi = {10.1126/science.aba6500},
    url = {https://doi.org/10.1126/science.aba6500},
    year = {2021},
    month = jan,
    publisher = {American Association for the Advancement of Science ({AAAS})},
    volume = {371},
    number = {6527},
    author = {Gary Reynolds and Peter Vegh and James Fletcher and Elizabeth F. M. Poyner and Emily Stephenson and Issac Goh and Rachel A. Botting and Ni Huang and Bayanne Olabi and Anna Dubois and David Dixon and Kile Green and Daniel Maunder and Justin Engelbert and Mirjana Efremova and Krzysztof Pola{\'{n}}ski and Laura Jardine and Claire Jones and Thomas Ness and Dave Horsfall and Jim McGrath and Christopher Carey and Dorin-Mirel Popescu and Simone Webb and Xiao-nong Wang and Ben Sayer and Jong-Eun Park and Victor A. Negri and Daria Belokhvostova and Magnus D. Lynch and David McDonald and Andrew Filby and Tzachi Hagai and Kerstin B. Meyer and Akhtar Husain and Jonathan Coxhead and Roser Vento-Tormo and Sam Behjati and Steven Lisgo and Alexandra-Chlo{\'{e}} Villani and Jaume Bacardit and Philip H. Jones and Edel A. O'Toole and Graham S. Ogg and Neil Rajan and Nick J. Reynolds and Sarah A. Teichmann and Fiona M. Watt and Muzlifah Haniffa},
    title = {Developmental cell programs are co-opted in inflammatory skin disease},
    journal = {Science}
}

@article{limma,
    doi = {10.1093/nar/gkv007},
    url = {https://doi.org/10.1093/nar/gkv007},
    year = {2015},
    month = jan,
    publisher = {Oxford University Press ({OUP})},
    volume = {43},
    number = {7},
    pages = {e47--e47},
    author = {Matthew E. Ritchie and Belinda Phipson and Di Wu and Yifang Hu and Charity W. Law and Wei Shi and Gordon K. Smyth},
    title = {limma powers differential expression analyses for {RNA}-sequencing and microarray studies},
    journal = {Nucleic Acids Research}
}

@misc{wiki:Th17,
    author = "Wikipedia contributors",
    title = "T helper 17 cell --- {Wikipedia}{,} The Free Encyclopedia",
    year = "2023",
    url = "https://en.wikipedia.org/wiki/T_helper_17_cell",
    note = "[Online; accessed 18-June-2023]"
}

@article{clustering,
    doi = {10.1080/15476286.2020.1728961},
    url = {https://doi.org/10.1080/15476286.2020.1728961},
    year = {2020},
    month = mar,
    publisher = {Informa {UK} Limited},
    volume = {17},
    number = {6},
    pages = {765--783},
    author = {Lihong Peng and Xiongfei Tian and Geng Tian and Junlin Xu and Xin Huang and Yanbin Weng and Jialiang Yang and Liqian Zhou},
    title = {Single-cell {RNA}-seq clustering: datasets,  models,  and algorithms},
    journal = {{RNA} Biology}
}

@article{Kitazawa2021,
    doi = {10.1038/s42003-020-01618-5},
    url = {https://doi.org/10.1038/s42003-020-01618-5},
    year = {2021},
    month = jan,
    publisher = {Springer Science and Business Media {LLC}},
    volume = {4},
    number = {1},
    author = {Kazuyuki Kitazawa and Satomi Nadanaka and Kenji Kadomatsu and Hiroshi Kitagawa},
    title = {Chondroitin 6-sulfate represses keratinocyte proliferation in mouse skin,  which is associated with psoriasis},
    journal = {Communications Biology}
}
